@manual{inmetro2003,
	Author = {INMETRO},
	Title = {Vocabulário internacional de termos fundamentais e gerais de
	metrologia},
	Year = {2013},
	Address = {Rio de Janeiro, Brasil},
	Pages = {75},
	isbn = {85-87090-90-9},
}

@inproceedings{soviero1997,
	Author = {P. A. O. Soviero and L. G. M. Lavagna},
	Title = {A Numerical Model for Thin Airfoils in Unsteady Motion},
	Year = {1997},
	Pages = {332-340},
	Volume = {19},
	Number = {3},
	Booktitle = {Journal of the Brazilian Societyt Mechanical Sciences},	
}

@inproceedings{sparrow1980,
	Author = {E. M. Sparrow},
	Title = {Forced Convection Heat Transfer in a Duct Having Spanwise-Periodic
	Rectangular Protuberances},
	Year = {1980},
	Pages = {149-167},
	Volume = {3},
	Booktitle = {Numerical Heat Transfer},
}

@article{clark1986,
	Author = {J. A. Clark},
	Title = {Private Communication},
	Year = {1986},
	Address = {University of Michigan},
}

@article{arruda2007,
	Author = {M. B. B. Arruda},
	Title = {Como fazer referências: bibliográficas, eletrônicas e demais
	formas de documentos},
	Year = {2007},
	Url = {http://bu.ufsc.br/framerefer.html}
}

@article{coimbra1978,
	Author = {A. L. Coimbra},
	Title = {Lessons of Continuum Mechanics},
	Year = {1978},
	Address = {São Paulo, Brazil},
	Pages = {428},
	Editor = {Edgard Blücher},
}

@inproceedings{bordalo1989,
	Author = {S. N. Bordalo and J. H. Ferziger and S. J. Kline},
	Title = {The Development of Zonal Models for Turbulence},
	Year = {1989},
	Pages = {41-44},
	Booktitle = {Proceedings of the 10th Brazilian Congress of Mechanical
	Engineering}, 
	Volume = {1},	
}

@manual{NBR14724:2011,
	Address = {Rio de Janeiro},
	Date-Added = {2012-12-15 20:34:08 +0000},
	Date-Modified = {2012-12-15 20:35:25 +0000},
	Month = mar,
	Org-Short = {ABNT},
	Organization = {Associa{\c c}\~ao Brasileira de Normas T\'ecnicas},
	Pages = 15,
	Subtitle = {Informa{\c c}\~ao e documenta{\c c}\~ao --- trabalhos acad\^emicos --- apresenta{\c c}\~ao},
	Title = {{NBR} 14724},
	Year = 2011
}

@manual{NBR6034:2000,
	Address = {Rio de Janeiro},
	Org-Short = {ABNT},
	Organization = {Associa{\c c}\~ao Brasileira de Normas T\'ecnicas},
	Subtitle = {Informa{\c c}\~ao e documenta{\c c}\~ao --- Referências},
	Title = {{NBR} 14724},
	Year = 2000
}

@book{Sommerville2007,
author = {Sommerville, Ian},
title = {Software Engineering},
year = {2007},
isbn = {978-0-321-31379-9, 0-321-31379-8},
edition = {9th},
publisher = {Addison-Wesley Publishing Company},
address = {USA},
}

@manual{DATASUS2012,
	Author = {DATASUS},
        title = {DATASUS},
	url = {http://tabnet.datasus.gov.br/cgi/deftohtm.exe?idb2012/a14.def},
	urldate = {2023-05-29},
	file = {TabNet Win32 3.0\: A.14 Proporção de idosos na população:/home/guilherme/snap/zotero-snap/common/Zotero/storage/QSFW2M7N/deftohtm.html:text/html},
        Year = 2012
}


@misc{noauthor_ibge_nodate,
    title = {Fecundidade e mortalidade no Brasil-1970/80},
    author = {Carvalho, José Alberto Magno de},
    year = {1986},
    url = {https://biblioteca.ibge.gov.br/index.php/biblioteca-catalogo?view=detalhes&id=219652},
}

@misc{ibge_caracteristicas_gerais,
    title = {Características gerais dos moradores 2020-2021},
    author = {IBGE, Coordenação de Pesquisas por Amostra de Domicílios},
    year = {2022},
    url = {https://biblioteca.ibge.gov.br/index.php/biblioteca-catalogo?view=detalhes&id=2101957},
}

@misc{ibge_acesso_a_Internet,
    title = {Acesso à internet e à televisão e posse de telefone móvel celular para uso pessoal 2021},
    author = {IBGE, Coordenação de Pesquisas por Amostra de Domicílios},
    year = {2022},
    url = {https://biblioteca.ibge.gov.br/index.php/biblioteca-catalogo?view=detalhes&id=2101963},
}

@misc{ISO/IEC25000,
    title = {{ISO/IEC 25000}},
    author = {{ISO/IEC 25000}},
    year = {2014},
    note = {ISO/IEC standard},
}



@misc{ISO/IEC25010,
    title = {{ISO/IEC 25010}},
    author = {{ISO/IEC 25010}},
    year = {2011},
    note = {ISO/IEC standard},
}

@book{pressman2016engenharia,
    author = {Pressman, Roger S.},
    title = {Engenharia de Software: Uma Abordagem Profissional},
    year = {2016},
    publisher = {AMGH Editora},
    address = {Porto Alegre},
    edition = {8ª ed.},
    isbn = {978-8580554117},
    language = {Portuguese},
}

@article{fitzpatrick_software_nodate,
	title = {Software {Quality}:{Definitions} and {Strategic} {Issues}},
	language = {en},
	author = {Fitzpatrick, Ronan},
        year = {1996}
}

@misc{nicbr2020,
  author = {{Núcleo de Informação e Coordenação do Ponto BR (NIC.br)}},
  title = {Pesquisa sobre o uso das tecnologias de informação e comunicação nos domicílios brasileiros: Pesquisa TIC Domicílios, ano 2019},
  year = {2020},
  howpublished = {\url{http://cetic.br/pt/arquivos/domicilios/2019/domicilios/}}
}

@inproceedings{ribeiro_ict_2020,
	title = {{ICT} usage in {Contexts} of {Regional} {Inequalities}},
	doi = {10.1109/ICEDEG48599.2020.9096700},
	abstract = {This short paper aims to identify the differences of ICT usage among municipalities in Brazil, especially in local governments. Thus, it intends to describe the characteristics of technology use among Brazilian municipalities. This first effort is looking for defining those characteristics through a quantitative analysis using secondary data from ICT Electronic Government Survey 2017 - a national survey conducted every two years by the Regional Center for Studies on the Development of Information Society (Cetic.br). Statistical analysis provided four clusters related to the dimensions defined for the study. The clusters enabled us to describe and analyze the main characteristics of ICT use by Brazilian local governments. They also pointed out the inequalities related to ICT access and adoption by the different municipalities in the country, including some initial insights about the level of usage.},
	booktitle = {2020 {Seventh} {International} {Conference} on {eDemocracy} \& {eGovernment} ({ICEDEG})},
	author = {Ribeiro, Manuella Maia and Macaya, Javiera and dos Santos, Mayra Pizzott Rodrigues and Cunha, Maria Alexandra and Pitta, Marcelo Trindade},
	month = apr,
	year = {2020},
	note = {ISSN: 2573-1998},
	keywords = {electronic government, Electronic government, ICT usage, Information and communication technology, Local government, local governments, measurement, Smart cities},
	pages = {231--236},
}


@article{beltrao_dinamica_2004,
	title = {Dinâmica {Populacional} {Brasileira} na {Virada} do {Século} {XX}},
	url = {https://ideas.repec.org//p/ipe/ipetds/1034.html},
	language = {en},
	urldate = {2023-06-21},
	journal = {Discussion Papers},
	author = {Beltrão, Kaizô Iwakami and Camarano, Ana Amélia and Kanso, Solange},
	month = aug,
	year = {2004},
	note = {Number: 1034
    Publisher: Instituto de Pesquisa Econômica Aplicada - IPEA},
}

@book{mudanca_demografica_brasil,
  title = {Mudança Demográfica no Brasil no Início do Século XXI: Subsídios para as Projeções da População},
  author = {Instituto Brasileiro de Geografia e Estatística},
  year = {2015},
  publisher = {IBGE},
  address = {Rio de Janeiro},
  isbn = {9788524043444}
}


@article{vasconcelos_transicao_2012,
	title = {Transição demográfica: a experiência brasileira},
	volume = {21},
	issn = {1679-4974},
	url = {http://scielo.iec.gov.br/scielo.php?script=sci_abstract&pid=S1679-49742012000400003&lng=pt&nrm=iso&tlng=pt},
	doi = {10.5123/S1679-49742012000400003},
	shorttitle = {Transição demográfica},
	pages = {539--548},
	number = {4},
	journaltitle = {Epidemiologia e Serviços de Saúde},
	author = {Vasconcelos, Ana Maria Nogales and Gomes, Marília Miranda Forte},
	urldate = {2023-06-22},
	date = {2012-12},
    year = {2012},
	note = {Publisher: Geral de Desenvolvimento da Epidemiologia em Serviços / Secretaria de Vigilância em Saúde e Ambiente / Ministério da Saúde do Brasil},
}


@article{omran_epidemiologic_2005,
	title = {The Epidemiologic Transition: A Theory of the Epidemiology of Population Change},
	volume = {83},
	issn = {0887-378X},
	url = {https://www.ncbi.nlm.nih.gov/pmc/articles/PMC2690264/},
	doi = {10.1111/j.1468-0009.2005.00398.x},
	shorttitle = {The Epidemiologic Transition},
	pages = {731--757},
	number = {4},
	journaltitle = {The Milbank Quarterly},
	shortjournal = {Milbank Q},
	author = {Omran, Abdel R},
	urldate = {2023-06-22},
	date = {2005-12},
    year = {2005},
	pmid = {16279965},
	pmcid = {PMC2690264},
}

@manual{lei8842,
    title = {Lei nº 8.842, de 4 de janeiro de 1994},
    author = {BRASIL},
    year = {1994},
    url = {https://www.planalto.gov.br/ccivil_03/leis/l8842.htm}
}

@manual{lei10741,
    title = {Lei nº 10.741, de 1 de outubro de 2003},
    author = {BRASIL},
    year = {2003},
    url = {https://www.planalto.gov.br/ccivil_03/leis/2003/l10.741.htm}
}

@article{kachar2002terceira,
    author = {Kachar, V.},
    year = {2002},
    title = {A terceira idade e a inclusão digital},
    journal = {Revista O mundo da saúde},
    volume = {26},
    number = {3},
    pages = {376--381}
}

@inproceedings{rodrigues2018support,
    author = {Rodrigues, S. S. and Scuracchio, P. E. and Fortes, R. P. de M.},
    title = {A support to evaluate web accessibility and usability issues for older adults},
    booktitle = {Proceedings of the 8th International Conference on Software Development and Technologies for Enhancing Accessibility and Fighting Info-exclusion},
    year = {2018},
    pages = {97--103},
    organization = {[S.l.: s.n.]}
}

@article{lima2007idoso,
    author = {Lima, M. P.},
    title = {O idoso aprendiz},
    journal = {Divulgação eletrônica do Programa de Estudos Pós-Graduados em Gerontologia e do Núcleo de Estudo e Pesquisa do Envelhecimento (NEPE) da Pontifícia Universidade Católica de São Paulo-PUCSP},
    year = {2007}
}


@article{diniz_inclusao_2020,
	title = {Inclusão digital e o uso da internet pela pessoa idosa no {Brasil}: estudo transversal},
	volume = {73},
	issn = {0034-7167, 1984-0446},
	shorttitle = {Inclusão digital e o uso da internet pela pessoa idosa no {Brasil}},
	url = {https://www.scielo.br/j/reben/a/r7qfDSx6KNMyfPbYQYFpJmw/?lang=pt},
	abstract = {ABSTRACT Objectives: To describe the profile of Brazilian older adults who use the Internet, the means of Internet access and the purpose of Internet use and to verify the existence of association between socio-demographic variables and variables related to Internet use. Method: Cross-sectional study with Brazilian older adults who used the social networks Facebook and WhatsApp. Descriptive, univariate, and bivariate analysis were conducted. Results: 384 older adults participated in the study, mostly women (52.08\%), with a mean age of 64.6 years old and who used the Internet to address health concerns (65.36\%). The main activities on the internet were reading, listening to music, playing games, watching videos and photos (37.30\%). The main benefits pointed out were interaction (74.5\%), learning (19.2\%) and entertainment (19.25\%). There were statistically significant differences between time spent online and the variables gender, age, and civil status. Conclusion: This study showed characteristics of older adults who use the Internet and revealed the possibility of using digital technologies to optimize health care for this population.},
	language = {pt},
	urldate = {2023-06-29},
	journal = {Revista Brasileira de Enfermagem},
	author = {Diniz, Jamylle Lucas and Moreira, Andréa Carvalho Araújo and Teixeira, Iane Ximenes and Azevedo, Samir Gabriel Vasconcelos and Freitas, Cibelly Aliny Siqueira Lima and Maranguape, Iasmin Cunha},
	month = nov,
	year = {2020},
	note = {Publisher: Associação Brasileira de Enfermagem},
	keywords = {Idoso, Inclusão Digital, Internet, Mídias Sociais, Promoção da Saúde},
	pages = {e20200241},
}


@article{sixsmith_older_2022,
	title = {Older {People}’s {Use} of {Digital} {Technology} {During} the {COVID}-19 {Pandemic}},
	volume = {42},
	issn = {0270-4676},
	url = {https://doi.org/10.1177/02704676221094731},
	doi = {10.1177/02704676221094731},
	abstract = {Objectives: The COVID-19 pandemic is having a major impact on the lives of everyone, but in particular on the health and well-being of older people. It has also disrupted the way that individuals access services and interact with one another, and physical distancing and ?Stay at Home? orders have seen digital interaction become a necessity. While these restrictions have highlighted the importance of technology in everyday life, little is known about how older adults have responded to this change. Methods: Two surveys, one in 2019 and another in 2020 collected data on a combined total of 1923 older adults aged 65 years and older in Canada. These looked at how older adults think about and use technology, with the 2020 survey additionally questioning how COVID-19 has impacted their use and attitudes towards technology. Results: While older adults feel more isolated in 2020, many feel positive about the benefits of technology and have increased technology use during the pandemic to support their health, wellness, and communication needs. Discussion: The results highlight the potential of technology for supporting older adults in various aspects of healthy aging. While these results point to the opportunities afforded by technology, challenges remain, such as how social and economic factors influence technology uptake.},
	number = {1-2},
	urldate = {2023-06-29},
	journal = {Bulletin of Science, Technology \& Society},
	author = {Sixsmith, Andrew and Horst, Becky R. and Simeonov, Dorina and Mihailidis, Alex},
	month = jun,
	year = {2022},
	note = {Publisher: SAGE Publications Inc},
	pages = {19--24},
}

@ARTICLE{159342,
  author={IEEE},
  journal={IEEE Std 610.12-1990}, 
  title={IEEE Standard Glossary of Software Engineering Terminology}, 
  year={1990},
  volume={},
  number={},
  pages={1-84},
  doi={10.1109/IEEESTD.1990.101064}
}



@book{galin_software_2004,
	series = {Alternative {Etext} {Formats}},
	title = {Software {Quality} {Assurance}: {From} {Theory} to {Implementation}},
	isbn = {978-0-201-70945-2},
	url = {https://books.google.com.br/books?id=p5jDETUc2K8C},
	publisher = {Pearson Education Limited},
	author = {Galin, D.},
	year = {2004},
	lccn = {2003050668},
}



@article{king_how_1986,
	title = {How Not to Lie with Statistics: Avoiding Common Mistakes in Quantitative Political Science},
	volume = {30},
	issn = {00925853},
	url = {https://www.jstor.org/stable/2111095?origin=crossref},
	doi = {10.2307/2111095},
	shorttitle = {How Not to Lie with Statistics},
	pages = {666},
	number = {3},
	journaltitle = {American Journal of Political Science},
	author = {King, Gary},
	urldate = {2023-07-04},
	date = {1986-08},
    year = {1986},
	langid = {english},
}


@book{cudeck_factor_2007,
	location = {Mahwah, {NJ}, {US}},
	title = {Factor analysis at 100: Historical developments and future directions},
	isbn = {978-0-8058-6212-6 978-0-8058-5347-6 978-1-4106-1580-0},
	series = {Factor analysis at 100: Historical developments and future directions},
	shorttitle = {Factor analysis at 100},
	pagetotal = {xiii, 381},
	publisher = {Lawrence Erlbaum Associates Publishers},
	editorb = {Cudeck, Robert and {MacCallum}, Robert C.},
	editorbtype = {redactor},
	year = {2007},
	note = {Pages: xiii, 381},
	keywords = {Behavior Analysis, Factor Analysis, Methodology, Social Sciences, Statistics},
}

@article{bartholomew_foundations_nodate,
	title = {The foundations of factor analysis},
	author = {Bartholomew, D J},
	langid = {english},
    year = {1984}
}


@article{travassos_elderly_2020,
	title = {The elderly in {Brazil}: demographic transition, profile, and socioeconomic condition},
	volume = {37},
	copyright = {Copyright (c) 2020 Brazilian Journal of Population Studies},
	issn = {1980-5519},
	shorttitle = {The elderly in {Brazil}},
	url = {https://rebep.org.br/revista/article/view/1520},
	doi = {10.20947/S0102-3098a0129},
	abstract = {This paper presents a revision about the elderly population in Brazil, addressing aspects of the demographic transition as it relates to socio-economic conditions and some consequences and trends associated with policies affecting Brazil’s elderly. Since a demographic transition has been occurring as a result of the aging of the Brazilian population, we identify a majority profile of Brazilian elderly as White women who live in urban areas in couple-without-children households, and possessing on average an education of 6.1 years and a smaller than minimum wage. We show that the vast majority of the elderly in Brazil receive some form of government income transfer that have a positive effect on poverty reduction in the segment. Finally, we show that there will be some future natural consequences and trends affecting the profile of the aging population, and that adjustments will need to be made by the government in terms of health and social security spending in order to mitigate the increased demands in these areas as the country's demographic change.},
	language = {en},
	urldate = {2023-06-21},
	journal = {Revista Brasileira de Estudos de População},
	author = {Travassos, Guilherme Fonseca and Coelho, Alexandre Bragança and Arends-Kuenning, Mary Paula},
	month = oct,
	year = {2020},
	keywords = {Idosos, Pobreza, Transição demográfica},
	pages = {1--27},
}


@article{bez_inclusao_2006,
	title = {Inclusão {Digital} da {Terceira} {Idade} no {Centro} {Universitário} {Feevale}},
	volume = {1},
	copyright = {Direitos autorais 2016 Anais do Simpósio Brasileiro de Informática na Educação},
	issn = {2316-6533},
	url = {http://milanesa.ime.usp.br/rbie/index.php/sbie/article/view/466},
	doi = {10.5753/cbie.sbie.2006.61-70},
	abstract = {Resumo: Este artigo apresenta o perfil das pessoas de Terceira Idade que  freqüentam o projeto Inclusão Digital na Terceira Idade do Centro  Universitário FEEVALE. Tendo em vista a crescente procura pelos idosos por  cursos de informática, realizou-se uma pesquisa do tipo survey visando traçar  o perfil deste público que freqüenta os cursos de informática do projeto de  extensão de Terceira Idade na Feevale. Um dos aspectos destacados na  pesquisa é que a procura desses cursos surge pela necessidade da pessoa   idosa se sentir ativa e atualizada para acompanhar o estilo de vida da família  e sociedade e sentir-se incluído em todas as situações do cotidiano da vida  moderna. Abstract: This paper presents the profile of old aged participants in Feevale's Digital Inclusion Project. A survey has been conducted on the increasing demand of elderly people for computer courses, in order to identify their profiles. One important point of this research is that take into account that this demand arises from elderly people's necessity to feel themselves active, up-to-date, able to follow family and society life style, and mainly, to feel included in all situations of modern life.},
	language = {pt-BR},
	number = {1},
	urldate = {2023-07-04},
	journal = {Brazilian Symposium on Computers in Education (Simpósio Brasileiro de Informática na Educação - SBIE)},
	author = {Bez, Maria Rosangela and Pasqualotti, Paulo Roberto and Passerino, Liliana Maria},
	month = nov,
	year = {2006},
	note = {Number: 1},
	pages = {61--70},
}


@article{salthouse_when_2009,
	title = {When does age-related cognitive decline begin?},
	volume = {30},
	issn = {01974580},
	url = {https://linkinghub.elsevier.com/retrieve/pii/S0197458009000219},
	doi = {10.1016/j.neurobiolaging.2008.09.023},
	abstract = {Cross-sectional comparisons have consistently revealed that increased age is associated with lower levels of cognitive performance, even in the range from 18 to 60 years of age. However, the validity of cross-sectional comparisons of cognitive functioning in young and middle-aged adults has been questioned because of the discrepant age trends found in longitudinal and cross-sectional analyses. The results of the current project suggest that a major factor contributing to the discrepancy is the masking of age-related declines in longitudinal comparisons by large positive effects associated with prior test experience. Results from three methods of estimating retest effects in this project, together with results from studies comparing non-human animals raised in constant environments and from studies examining neurobiological variables not susceptible to retest effects, converge on a conclusion that some aspects of age-related cognitive decline begin in healthy educated adults when they are in their 20s and 30s.},
	language = {en},
	number = {4},
	urldate = {2023-07-04},
	journal = {Neurobiology of Aging},
	author = {Salthouse, Timothy A.},
	month = apr,
	year = {2009},
	pages = {507--514},
}


@inproceedings{kurniawan_research-derived_2005,
	title = {Research-derived web design guidelines for older people},
	doi = {10.1145/1090785.1090810},
	abstract = {This paper presents the development of a set of research-derived ageing-centred Web design guidelines. An initial set of guidelines was first developed through an extensive review of the HCI and ageing literature and through employing a series of classification methods (card sorting and affinity diagrams) were employed as a means for obtaining a revised and more robust set of guidelines. A group of older Web users were then involved in evaluating the usefulness of the guidelines. To provide evaluation context for these users, two websites targeted to older people were used. This study makes several contributions to the field. First, it is perhaps the first manuscript that proposes ageing-friendly guidelines that are for most part backed by published studies. Second, the guidelines proposed in this study have been thoroughly examined through a series of expert and user verifications, which should give users of these guidelines confidence of their validity.},
	author = {Kurniawan, Sri and Zaphiris, Panayiotis},
	month = oct,
	year = {2005},
	pages = {129--135},
}


@article{bevan_quality_1999,
	title = {Quality in use: {Meeting} user needs for quality},
	volume = {49},
	issn = {0164-1212},
	shorttitle = {Quality in use},
	url = {https://www.sciencedirect.com/science/article/pii/S0164121299000709},
	doi = {10.1016/S0164-1212(99)00070-9},
	abstract = {There is an increasing demand for software that matches real user needs in a working environment. The paper describes the new framework for software product quality developed for ISO/IEC 9126-1: internal quality (static properties of the code), external quality (behaviour of the software when it is executed) and quality in use (the extent to which the software meets the needs of the user). Quality in use is a broader view of the ergonomic concept of usability in ISO 9241-11 (1998). Achieving quality in use requires a user-centred design process which has cultural, strategic and technical implications.},
	language = {en},
	number = {1},
	urldate = {2023-07-04},
	journal = {Journal of Systems and Software},
	author = {Bevan, Nigel},
	month = dec,
	year = {1999},
	pages = {89--96},
}


@misc{anjos_recomendacao_nodate,
	title = {{RECOMENDAÇÃO} {Nº} 036, {DE} 11 {DE} {MAIO} {DE} 2020},
	url = {https://conselho.saude.gov.br/recomendacoes-cns/1163-recomendac-a-o-n-036-de-11-de-maio-de-2020},
	abstract = {DOWNLOAD   VOLTAR RECOMENDAÇÃO Nº 036, DE 11 DE MAIO DE 2020Recomenda a implementação de medidas de distanciamento social mais restritivo (lockdown), nos municípios com ocorrência acelerada de novos casos de COVID-19 e com taxa de ocupação dos serviços atingido níveis críticos.O Presidente do Conselho Nacional de Saúde (CNS), no uso de suas competências regimentais e atribuições conferidas pelo Regimento Interno do CNS e garantidas pela Lei no 8.080,...},
	language = {pt-br},
	urldate = {2023-07-04},
	journal = {Conselho Nacional de Saúde},
	author = {CNS, Conselho Nacional de Saúde},
        year = {2020},
}


@book{maroco_alise_nodate,
	title = {Análise estatística com utilização do {SPSS}},
	isbn = {978-972-618-452-2},
	pagetotal = {824},
    year = {2007},
	publisher = {{SILABO}},
	author = {Maroco, João},
	langid = {english},
	note = {Google-Books-{ID}: {YrV}1PgAACAAJ},
}



@book{pestana_alise_2014,
	title = {{ANÁLISE} {DE} {DADOS} {PARA} {CIÊNCIAS} {SOCIAIS} A Complementaridade do {SPSS} 6 ª {EDIÇÃO} Revista, Atualizada e Aumentada {MARIA} {HELENA} {PESTANA} {JOÃO} {NUNES} {GAGEIRO}},
	isbn = {978-972-618-775-2},
	author = {Pestana, Helena and Gageiro, João},
	date = {2014-10-01},
    year = {2014},
	doi = {10.13140/2.1.2491.7284},
}


@book{hair_alise_2009,
	title = {Análise multivariada de dados - 6ed},
	isbn = {978-85-7780-534-1},
	abstract = {Nova edição de livro consagrado na área, apresenta um amplo conjunto de técnicas estatísticas. É uma introdução sobre o assunto destinada àqueles sem formação estatística. Os capítulos estão organizados seguindo uma progressão lógica e prática das fases de análise e agrupando tipos de técnicas similares aplicáveis a diversas situações.},
	pagetotal = {682},
	publisher = {Bookman Editora},
	author = {Hair, Joseph F. and Black, William C. and Babin, Barry J. and Anderson, Rolph E. and Tatham, Ronald L.},
	date = {2009-01-01},
    year = {2009},
	langid = {portuguese},
	note = {Google-Books-{ID}: {oFQs}\_zJI2GwC},
	keywords = {Science / Research \& Methodology},
}


@book{johnson_applied_2007,
  title = {Applied Multivariate Statistical Analysis},
  author = {Johnson, Richard A. and Wichern, Dean W.},
  year = {2007},
  edition = {6th},
  publisher = {Pearson Prentice Hall},
  address = {Upper Saddle River},
}

@article{favero_manual_2017,
	title = {Manual de análise de dados: estatística e modelagem multivariada com excel, {SPSS} e stata},
	url = {https://repositorio.usp.br/item/002858123},
	shorttitle = {Manual de análise de dados},
	author = {Fávero, Luiz Paulo Lopes and Belfiore, Patrícia Prado},
	urldate = {2023-07-07},
	year = {2017},
	langid = {portuguese},
}


@book{gerhardt_metodos_nodate,
	title = {Métodos de Pesquisa},
	isbn = {978-85-386-0071-8},
    year = {2009},
	pagetotal = {122},
	publisher = {{PLAGEDER}},
	author = {Gerhardt, Tatiana Engel and Silveira, Denise Tolfo},
	langid = {portuguese},
	note = {Google-Books-{ID}: {dRuzRyEIzmkC}},
}


@online{prodanov_2013,
	title = {Metodologia do Trabalho Científico - 2ª Edição},
    author = {Prodanov, Cleber Cristiano and Freitas, Ernani Cesar de},
	abstract = {Metodologia do Trabalho Científico - 2ª Edição},
	titleaddon = {Universidade Feevale},
	year = {2013},
	langid = {portuguese},
}



@book{patarra1986,
  author    = {Neide Lopes Patarra and Carlos Eugênio C. Ferreira},
  title     = {Repensando a transição demográfica: formulações, críticas e perspectivas de análise},
  series    = {Textos NEPO},
  number    = {10},
  year      = {1986},
  publisher = {NEPO},
  address   = {Campinas}
}


@incollection{notestein1945,
  author    = {Frank W. Notestein},
  title     = {Population, the Long View},
  booktitle = {Food for the World},
  editor    = {Theodore Schultz},
  year      = {1945},
  pages     = {36--57},
  publisher = {University of Chicago Press},
  address   = {Chicago}
}

@book{landry1982,
  author    = {Alfred Landry},
  title     = {La révolution démographique – Études et essais sur les problèmes de la population},
  year      = {1982},
  note      = {[1934]},
  publisher = {INED – Presses Universitaires de France},
  address   = {Paris}
}

@inproceedings{silva2010,
  author    = {Hugo Silva and Roberto Monte-Mor},
  title     = {Transições demográficas, transição urbana, urbanização extensiva: um ensaio sobre diálogos possíveis},
  booktitle = {XVII Encontro Nacional de Estudos Populacionais},
  year      = {2010},
  address   = {Caxambu}
}


@article{oliveira2015,
  author    = {Ricardo A. D. de Oliveira and Érica T. da Silva},
  title     = {Dinâmica demográfica e urbanização no Brasil: expressões atuais na Região Metropolitana do Rio de Janeiro},
  journal   = {Caderno de Geografia},
  volume    = {25},
  number    = {44},
  year      = {2015}
}


@inproceedings{vandekaa2002,
  author    = {Dirk J. Van de Kaa},
  title     = {The Idea of a Second Demographic Transition in Industrialized Countries},
  booktitle = {Sixth Welfare Policy Seminar of The National Institute of Population And Social Security, Tokyo},
  year      = {2002}
}


@article{peixoto2007,
  author    = {João Peixoto},
  title     = {Dinâmicas e regimes migratórios: o caso das migrações internacionais em Portugal},
  journal   = {Análise Social},
  volume    = {XLII},
  number    = {183},
  pages     = {445--469},
  year      = {2007}
}


@article{zelinsky1971,
  author    = {Wilbur Zelinsky},
  title     = {The Hypothesis of the Mobility Transition},
  journal   = {Geographical Review},
  volume    = {61},
  number    = {2},
  pages     = {219--249},
  year      = {1971}
}


@article{konig_internet_2018,
	title = {Internet use among older {Europeans}: an analysis based on {SHARE} data},
	volume = {17},
	issn = {1615-5297},
	url = {https://doi.org/10.1007/s10209-018-0609-5},
	doi = {10.1007/s10209-018-0609-5},
	abstract = {Access to the Internet is becoming increasingly important for all generations. However, a digital gap in Internet use remains between younger and older individuals as well as within the elderly population itself. This study, therefore, aimed to investigate Internet use among elderly Europeans. Representative data across 17 countries from the Survey of Health, Ageing and Retirement in Europe (SHARE) were examined. Analyses were based on the responses of 61,202 Europeans aged ≥ 50. Results highlight that, on average, 49\% of all respondents use the Internet. However, the situation varies widely among European countries. Alongside individual indicators, such as age, gender, and social class, results indicate that previous experience with computers during one’s time in the workplace is positively associated with Internet use in old age. Furthermore, use of the Internet among an individual’s social network positively influences their use. Wider contextual structures such as area of residence and country-specific wealth and communication technology infrastructure also tend to promote Internet use among elderly Europeans. Data from SHARE indicate that private Internet use among older Europeans is driven by personal resources, prior experiences with technology, social salience as well as contextual influences.},
	number = {3},
	journal = {Universal Access in the Information Society},
	author = {König, Ronny and Seifert, Alexander and Doh, Michael},
	month = aug,
	year = {2018},
	pages = {621--633},
	file = {Texto completo:/Users/guilherme/Zotero/storage/A7WSQS3G/König et al. - 2018 - Internet use among older Europeans an analysis ba.pdf:application/pdf},
}


@article{agudo-prado_usos_2012,
	title = {Usos de las herramientas digitales entre las personas mayores},
	volume = {20},
	copyright = {Oxbridge Publishing House},
	issn = {1134-3478},
	url = {https://www.revistacomunicar.com/index.php?contenido=detalles&numero=39&articulo=39-2012-22},
	doi = {10.3916/C39-2012-03-10},
	abstract = {Una sociedad «multiedades» supone diseñar y crear nuevos espacios de aprendizaje y comunicación, capaces de gestionar la demanda existente por parte de las personas mayores. En este artículo, se aborda la relación de las personas mayores con las tecnologías de la información y la comunicación (TIC) y para ello se plantean dos objetivos: el primero va dirigido a conocer los recursos tecnológicos que utilizan y el segundo, a describir objetivamente los tipos de uso que estas personas hacen de las TIC. Para ello, se utiliza la técnica de encuesta, cuyos resultados son contrastados mediante grupos de discusión. En el estudio participaron 215 personas mayores usuarias de las TIC y siete grupos de discusión de cinco personas cada uno. Los resultados encontrados indican que los recursos que más utilizan los mayores son, los ordenadores e Internet y el uso que hacen de los mismos se ha agrupado en cuatro grandes categorías: formación, información, comunicación y entretenimiento, no encontrándose diferencias significativas en función del género o de la edad y sí se encontraron diferencias en cuanto a la disponibilidad de dichos recursos para uso particular en función del nivel de estudios.},
	language = {es},
	number = {39},
	urldate = {2023-11-07},
	journal = {Comunicar: Revista Científica de Comunicación y Educación},
	author = {Agudo-Prado, Susana and Pascual-Sevillano, María-de-los-Ángeles and Fombona, Javier},
	year = {2012},
	pages = {193--201},
	file = {Full Text PDF:/Users/guilherme/Zotero/storage/YNWU4MR4/Agudo-Prado et al. - 2012 - Usos de las herramientas digitales entre las perso.pdf:application/pdf},
}

@article{colombo_new_2015,
	title = {New elders, old divides: {ICTs}, inequalities and well-being amongst young elderly {Italians}},
	volume = {23},
	issn = {1134-3478},
	shorttitle = {New elders, old divides},
	doi = {10.3916/C45-2015-05},
	abstract = {When compared to more digitized western countries, Italy seems to have suffered a delay of ten years, in both the use of ICTs by the elderly and the study of the relation between elderly people, ICTs and ageing. Considering this time lapse, it is now urgent that we question the factors that influence the adoption of ICTs by the elderly and whether ICTs can provide cultural and relational resources that could improve the quality of life of elderly in terms of health and social life. This article describes the main findings of a survey carried out as part of a larger national research project focused on active ageing, which involved 900 Italian people aged between 65 and 74 years of age. The research investigates socio-demographic characteristics of young elderly Italian Internet users and factors related to their use of ICTs. Results have shown that there is a strong digital divide between young elderly Italians, which is primarly influenced -in terms of classical dynamics- by differences in economic, social and cultural capital. With regard to the theme of active ageing, if it is true that highly digitalized young elders are generally characterized by good health, at the present stage of this research it is not possible to indicate whether the adoption of ICTs guarantees social inclusion and participation.},
	language = {English},
	number = {45},
	journal = {Comunicar},
	author = {Colombo, F. and Aroldi, P. and Carlo, S.},
	year = {2015},
	keywords = {Active ageing, Digital divide, Digital literacy, Health, Internet, Leisure, Social network, Use of internet},
	pages = {47--55},
	file = {Snapshot:/Users/guilherme/Zotero/storage/L9S8VZUX/display.html:text/html;Texto completo:/Users/guilherme/Zotero/storage/6K9JSAYP/Colombo et al. - 2015 - New elders, old divides ICTs, inequalities and we.pdf:application/pdf},
}
